<?xml version="1.0" encoding="UTF-8"?><collection xmlns="http://www.loc.gov/MARC21/slim"><record><leader>00482nam--2200181-u-4500</leader><controlfield tag="001">000055907</controlfield><controlfield tag="002">20161230</controlfield><controlfield tag="005">20161230201052</controlfield><controlfield tag="008">130814s1000------------r-----000-0-rus-d</controlfield><datafield ind1=" " ind2=" " tag="040"><subfield code="a">IFIN-HH</subfield></datafield><datafield ind1=" " ind2=" " tag="041"><subfield code="a">rus</subfield></datafield><datafield ind1=" " ind2=" " tag="080"><subfield code="a">519.6</subfield></datafield><datafield ind1="1" ind2=" " tag="100"><subfield code="a">Iliina, V.P</subfield></datafield><datafield ind1="1" ind2="0" tag="245"><subfield code="a">Ceislennie metodi i voprosi organizatii viceislenii. 5</subfield><subfield code="c">V.p. iliina, v.n. kublanovskoi (red.)</subfield></datafield><datafield ind1=" " ind2=" " tag="260"><subfield code="a">Leningrad</subfield><subfield code="b">Nauka</subfield><subfield code="c">1981</subfield></datafield><datafield ind1=" " ind2=" " tag="300"><subfield code="a">239P</subfield></datafield><datafield ind1=" " ind2=" " tag="852"><subfield code="a">70041</subfield><subfield code="c">519.4/5</subfield></datafield><datafield ind1=" " ind2=" " tag="CAT"><subfield code="a">Sys</subfield><subfield code="c">20130814</subfield><subfield code="h">171531</subfield></datafield></record></collection>